@Article{ActivityCoefficientEOSModels,
author = {H.~Huang and S.~I.~Sandler},
title = {Prediction of Vapour-Liquid Equilibria at High Pressures Using Activity Coefficient Parameters Obtained from Low-Pressure Data: A Comparison of Two Equation of State Mixing Rules},
journal = {Ind.Eng.Chem.Res.},
year = {1993},
volume = {32},
pages = {1498-1503}
}

@Article{ActivityCoefficientModelApplicationUNI,
author = {T.~F.~Anderson and J.~M.~Prausnitz},
title = {Application of the UNIQUAC Equation to Calculation of Multicomponent Phase Equilibria 1. Vapour-Liquid Equilibria},
journal = {Ind.Eng.Chem.Process Des.Dev.},
year = {1978},
volume = {17},
number = {4},
pages = {552}
}

@Article{ActivityCoefficientModelApplicationNRTL,
author = {H.~Renon and J.~M.~Prausnitz},
title = {Estimation of Parameters for the NRTL Equation for Excess Gibbs Energies of Strongly Nonideal Liquid Mixtures},
journal = {I and EC Process Design and Development},
year = {1969},
volume = {8},
number = {3},
pages = {413}
}

@Article{Adachi-Lu,
author = {Y.~Adachi and B.~C.~Y.~Lu},
title = {Simplest Equation of State for Vapour-Liquid Equilibrium: A Modification of the van der Waals Equation},
journal = {AIChE},
year = {1984}}

@Article{BilevelOptimization,
author = {G.~M.~Bollas and P.~I.~Barton and A.~Mitsos},
title = {Bilevel Optimization Formulation for Parameter Estimation in Vapour-Liquid(-Liquid) Phase Equilibrium Problems},
journal = {Chemical Engineering Science},
year = {2009},
volume = {64},
pages = {1768-1783}
}

@Article{BilevelOptimization2,
author = {A.~Mitsos and G.~M.~Bollas and P.~I.~Barton},
title = {Bilevel Optimization Formulation for Parameter Estimation in Liquid-Liquid Phase Equilibrium Problems},
journal = {Chemical Engineering Science},
year = {2008},
volume = {64},
pages = {548-559}
}

@Book{ChemicalBiochemicalEngineeringThermodynamics,
author = {S.~I.~Sandler},
title = {Chemical, Biochemical and Engineering Thermodynamics},
publisher = {John Wiley and Sons},
year = {2006},
edition = {4th}
}

@Book{ComputerCalculationsVLEandLLE,
author = {J.~Prausnitz and T.~Anderson and E.~Grens and C.~Eckert and R.~Hseih and J.~O'Connell},
title = {Computer Calculations for Multicomponent Vapor-Liquid and Liquid-Liquid Equilibria},
publisher = {Prentice Hall},
year = {1980}
}

@Book{Dechema,
editor = {U.~Onken and J.~Gmehling and J.~R.~Rarey-Nies},
title = {Liquid-liquid Data Collection},
publisher = {Frankfurt/Main: Dechema},
year = {1996},
volume = {5}
}

@Article{EOSModification,
author = {L.~U.~O.~Mingjian and M.~A.~Piesheng and X.~I.~A.~Shunqian},
title = {A Modification of $\alpha$ in SRK Equation of State and Vapour-Liquid Equilibria Prediction},
journal = {Chin.J.Chem.Eng.},
year = {2007},
volume = {15},
pages = {102-109}
}

@Article{EvaluationModelParameters,
author = {T.~F.~Anderson and D.~S.~Abrams and E.~A.~Grens},
title = {Evaluation of Parameters for Nonlinear Thermodynamic Models},
journal = {AIChE Journal},
year = {1978},
volume = {24},
number = {1},
pages = {20-30}
}


@Article{FockeSandrock,
author = {W.~W.~Focke and C.~Sandrock and S.~Kok},
title = {Weighted-Power-Mean Mixture Model: Application to Liquid Viscosity},
journal = {Ind.Eng.Chem.Res},
year = {2007},
volume = {46},
pages = {4660}
}

@Book{GasLiquidProperties,
author = {B.~E.~Polling and J.~M.~Prausnitz and J.~.M.~O'Connell},
title = {The Properties of Gases and Liquids},
publisher = {Mc~Graw-Hill},
year = {2004},
edition = {5th}
}

@Article{GlobalOptPhaseAndChemicalEquil,
author = {C.~M.~McDonald and C.~A.~Floudas},
title = {Global Optimization for the Phase and Chemical Equilibrium Problem: Application to the NRTL Equation},
journal = {Computers chem. Engng},
year = {1994},
volume = {19},
number = {11},
pages = {1111-1139}
}

@Article{GlobalOptAndAnalysisGibbsEnergy,
author = {C.~M.~McDonald and C.~A.~Floudas},
title = {Global Optimization and Analysis for the Gibbs Free Energy Function Using the UNIFAC, Wilson and ASOG Equations},
journal = {Ind. Eng. Chem. Res.},
year = {1995},
volume = {34},
pages = {1674-1687}
}

@Article{GlobalOptForChemicalEngRecentAdvances,
author = {C.~A.~Floudas},
title = {Recent Advances in Global Optimization for Process Synthesis, Design and Control: Enclosure of All Solutions},
journal = {Computers and Chemical Engineering},
year = {1999},
volume = {23},
pages = {S963â€“S973}
}


@Article{HuronVidal,
author = {M.~J.~Huron and J.~Vidal},
title = {New Mixing Rules in Simple Equations of State for Representing Vapour-Liquid Equilibria if Strongly Non-ideal Mixtures},
journal = {Fluid Phase Equilibria},
year = {1979},
volume = {3},
pages = {255}
}

@Article{HessianPhaseEquilibriumCriterion,
author = {M.~A.~Solokhin and A.~V.~Solokhin and V.~S.~Timofeev},
title = {Phase-Equilibrium Stability Criterion in Terms of the Eigenvalues of the Hessian Matrix of the Gibbs Potential},
journal = {Technical Foundations of Chemical Engineering},
year = {2002},
volume = {36},
number = {5},
pages = {444}
}

@Article{HessianPhaseDiagramConstruction,
author = {M.~A.~Solokhin and A.~V.~Solokhin and V.~S.~Timofeev},
title = {Calculation of Multiphase Liquid-Liquid Equilibria and Automated Synthesis of the Structures of Phase Diagrams},
journal = {Technical Foundations of Chemical Engineering},
year = {2002},
volume = {36},
number = {6},
pages = {564}
}

@Article{HybridFlashCalculations,
author = {X.~Joulia and P.~Maggiochi and B.~Koehret},
title = {Hybrid Method for Phase Equilibrium Flash Calculations},
journal = {Fluid Phase Equilibria},
year = {1986},
volume = {26},
pages = {15-36}

}

@Article{IntervalAnalysisPhaseStability,
author = {J.~Z.~Hua and J.~F.~Brennecke and M.~A.~Standtherr},
title = {Enhanced Interval Analysis for Phase Stability: Cubic Equations of State Models},
journal = {Ind. Eng. Chem. Res.},
year = {1998},
volume = {37},
pages = {1519-1527}
}


@Article{LocalCompositionModels,
author = {H.~Renon and J.~M.~Prausnitz },
title = {Local Compositions in Thermodynamic Excess Functions for Liquid Mixtures},
journal = {AIChE},
year = {1968},
volume = {14},
number = {1},
pages = {135}
}

@Article{LLERetrieval,
author = {J.~M.~S{\o r}ensen and T.~Magnussen and P.~Rasmussen and A.~Fredenslund},
title = {Liquid-Liquid Equilibrium Data: Thier Retrieval, Correlation and Prediction Part I:Retrieval},
journal = {Fluid Phase Equilibria},
year = {1979},
volume = {2},
pages = {297-309}
}

@Article{LLECorrelation,
author = {J.~M.~S{\o r}ensen and T.~Magnussen and P.~Rasmussen and A.~Fredenslund},
title = {Liquid-Liquid Equilibrium Data: Thier Retrieval, Correlation and Prediction Part II:Correlation},
journal = {Fluid Phase Equilibria},
year = {1979},
volume = {3},
pages = {47-82}
}

@Article{LLECalculation,
author = {T.~Magnussen and J.~M.~S{\o r}ensen and P.~Rasmussen and A.~Fredenslund},
title = {Liquid-Liquid Equilibrium Data: Thier Retrieval, Correlation and Prediction Part III:Prediction},
journal = {Fluid Phase Equilibria},
year = {1980},
volume = {4},
pages = {151-163}
}

@Article{TernaryLLECalculation,
author = {M.~A.~Solokhin and A.~V.~Solokhin and V.~S.~Timofeev},
title = {Calculation of Multiphase Liquid-Liquid Equilibria and Automated Synthesis of the Structures of Phase Diagrams},
journal = {Theoretical Foundations of Chemical Engineering},
year = {2002},
volume = {36},
number = {6},
pages = {564-569}
}

@Book{Maitland,
author = {G.~C.~Maitland and M.~Rigby and E.~B.~Smith and W.~A.~Wakeham},
title = {Intermolecular Forces},
publisher = {Oxford Clarendon Press},
Year = {1987}}

@Article{ModifiedWilson,
author = {I.~Nagata},
title = {Representation of Ternary Liquid-liquid Equilibria by means of a Modified form of the Wilson Equation},
journal = {Thermochimica Acta},
year = {1995},
volume = {249},
pages = {75-87}
}


@Book{MolecularThermodynamicsOfFluidPhaseEquilibria,
author = {J.~M.~Prausnitz and R.~N.~Lichtenthaler and E.~G.~de Azevedo},
title = {Molecular Thermodynamics of Fluid Phase Equilibria},
publisher = {Prentice-Hall PTR},
year = {1999},
edition = {3rd}
}

@Article{MolecularThermPure,
author = {H.~Renon and C.~A.~Eckert and J.~M.~Prausnitz},
title = {Molecular Thermodynamics of Simple Liquids: Pure Components},
journal = {Ind. Eng. Chem. Fundamentals},
year = {1967},
volume = {6},
pages = {52}}

@Article{MolecularThermMixture,
author = {H.~Renon and C.~A.~Eckert and J.~M.~Prausnitz},
title = {Molecular Thermodynamics of Simple Liquids: Mixtures},
journal = {Ind. Eng. Chem. Fundamentals},
year = {1967},
volume = {6},
pages = {58}}

@Article{MultiphaseEquilibria,
author = {D.~V.~Nichita and S.~Gomez and E.~Luna},
title = {Multiphase Equilibria Calculation by Direct Minimization of Gibbs Free Energy with a Global Optimization Method},
journal = {Computers and Chemical Engineering},
year = {2002},
volume = {26},
pages = {1703-1724}
}

@Article{NeuralFocke,
author = {W.~W.~Focke},
title = {Neural Network Averaging},
journal = { Neural Comput.},
year = {2005},
volume = {18},
pages = {1}}

@Book{NumericalAnalysis,
author = {R.~L.~Burden and J.~D.~Faires},
title = {Numerical Analysis},
OPTedition = {8},
publisher = {Brooks/Cole Cenage Learning},
year = {2005}}

@Article{Parsafar,
author = {G.~A.~Parsafar and C.~Izanloo},
title = {Deriving Analytical Expressions for Ideal Curves and Using the Curves to Obtain the Temperature Dependence of Equation-of-State Parameters},
journal = {International Journal of Thermodynamics},
year = {2006}
}

@Article{PhaseEquilCalcsESandGEM,
author = {Y.~S.~Teh and G.~P.~Rangaiah},
title = {A Study of Equation-Solving and Gibbs Free Energy Minimization Methods for Phase Equilibrium Calculations},
journal = {Institution of Chemical Engineers},
year = {2002},
volume = {80},
pages = {745 - 759}
}

@Article{PhaseEquilCalcsEasyandHard,
author = {M.~L.~Michelsen},
title = {Phase Equilibrium Calculations. What is Easy and What is Difficult?},
journal = {Computers chem. Engng.},
year = {1993},
volume = {17},
number = {5/6},
pages = {431-439}
}

@Article{ReliablePhaseStability,
author = {S.~R.~Tessier and J.~F.~Brennecke and M.~A.~Standtherr},
title = {Reliable Phase Stability Analysis for Excess Gibbs Energy Models},
journal = {Chemical Engineering Science},
year = {2000},
volume = {55},
pages = {1785-1796}
}


@Article{ReliableComputationBinaryParams,
author = {L.~D.~Simoni and Y.~Lin and J.~F.~Brennecke and M.~A.~Standtherr},
title = {Reliable Computation of Binary Parameters in Activity Coefficient Models for Liquid-Liquid Equilibrium},
journal = {Fluid Phase Equilibria},
year = {2007},
volume = {255},
pages = {138-146}
}

@Book{SmithNessAbbott,
author = {J.~M.~Smith and H.~C.~van~Ness and M.~M.~Abbott},
title = {Introduction to Chemical Engineering Thermodynamics},
publisher = {Mc~Graw-Hill},
year = {2001},
edition = {6th}
}

@Article{SolidLiquidStability,
author = {J.~A.~Reyes and J.~A.~Conesa and A.~Marcilla and M.~M.~Olaya},
title = {Solid-Liquid Equilibrium Thermodynamics: Checking Stability in Multiphase Systems Using the Gibbs Energy Function},
journal = {Ind.Eng.Chem.Res.},
year = {2001},
volume = {40},
pages = {902-907}
}

@Article{StabilityAnalysis,
author = {S.~R.~Tessier and J.~F.~Brennecke and M.~A.~Standtherr},
title = {Reliable Phase Stabilty Analysis for Excess Gibbs Energy Models},
journal = {Chemical Engineerning Science},
year = {2000},
volume = {55},
pages = {1785-1796}
}


@Book{ThermophysicalProperties,
author = {M.~J.~Assael and J.~P.~M.~Trusler and T.~F.~Tsolakis},
title = {Thermophysical Properties of Fluids: An Introduction to Their Prediction},
publisher = {Imperial College Press},
year = {1996}
}

@Article{ThermodynamicPropertiesGibbsModels,
author = {Y.~Demirel and H.~O.~Paksoy},
title = {Calculations of Thermodynamic Derivative Properties from the NRTL and UNIQUAC Models},
journal = {Thermochimica Acta},
year = {1997},
volume = {303},
pages = {129-136}
}


@Book{ThermodynamicModels,
author = {M.~L.~Michelsen and J.~M.~Mollerup},
title = {Thermodynamic Models: Fundamentals and Computational Aspects},
publisher = {Tie-Line Publications},
year = {2007},
edition = {2nd}
}

@Article{UNIQUAC,
author = {D.~S.~Abrams and J.~M.~Prausnitz},
title = {Statistical Thermodynamics of Liquid Mixtures: A New Expression for the Excess Gibbs Energy of Partly or Completely Miscible Systems},
journal = {AIChE},
year = {1975},
volume = {21},
number = {1},
pages = {116}
}


@Book{Walas,
author = {S.~M.~Walas},
title = {Phase Equilibria in Chemical Engineering},
publisher = {Butterworth Publishers},
year = {1985}
}

@Article{WeightedPowerMeanModel,
author = {W.~W.~Focke},
title = {Weighted-Power-Mean Mixture Model for the Gibbs Energy of Fluid Mixtures},
journal = {Ind.Eng.Chem.Res.},
year = {2009},
volume = {48},
pages = {5537-5541}
}


@Article{Vidal,
author = {J.~Vidal},
title = {Mixing Rules and Excess Properties in Cubic Equations of State},
journal = {Chem.Eng.Sci.},
year = {1977},
volume = {33},
pages = {787}}

@Article{WongSandler,
author = {D.~H.~S.~Wong and S.~I.~A.~Sandler},
title = {Theoretically Correct Mixing Rule for Cubic Equations of State},
journal = {AIChE},
year = {1992},
volume = {38},
pages = {671}}

%%-------------------------------------------------Mixture Data Sources---------------------------------------------------------------%%

@Article{GinningsandWebb,
author = {P.~M.~Ginnings and R.~Webb},
title = {Aqueous Solubilities of Some Isomeric Hexanols},
journal = {J.Am.Chem.Soc.},
year = {1938},
volume = {60},
number = {6},
pages = {1388},
}

@Article{ChernoglazovaandSimulin,
author = {F.~S.~Chernoglazova and Yu.~N.~Simulin},
title = {Mutual Solubility in the System m-Xylene-Water},
journal = {Zh.Fiz.Khim.},
year = {1976},
volume = {50},
pages = {809}}

@Article{Campbell,
author = {A.~N.~Campbell},
title = {The System Aniline-Phenol-Water},
journal = {J.Am.Chem.Soc.},
year = {1945},
volume = {67},
pages = {981}}

@Article{LestevaTimofeevChernaya,
author = {T.~M.~Lesteva and G.~A.~Timofeev and V.~I.~Chernaya},
title = {Phase equilibria in binary systems formed by diethylene glycol with hydrocarbons and water},
journal = {Zh.Prikl.Khim.},
year = {1972},
volume = {45},
pages = {2117}}

@Article{BennetPhilip,
author = {G.~M.~Bennet and W.~G.~Philip},
title = {The Influence of Structure on the Solubilities of Ethers. Part II. Some Cyclic Ethers},
journal = {J.Chem.Soc},
year = {1928},
pages = {1930}}

@Article{Merriman,
author = {R.~W.~Merriman},
title = {The mutual solubilities of ethyl acetate and water and the densities of mixtures of ethyl acetate and ethyl alcohol},
journal = {J.Chem.Soc},
year = {1913},
volume = {103},
pages = {1774}}

@Article{HwaTechoZiegler,
author = {S.~C.~P.~Hwa and R.~Techo and W.~T.~Ziegler},
title = {Solubility of Nitroethane in Hydrocarbons},
journal = {J.Chem.Eng.Data},
year = {1963},
volume = {8},
pages = {409}}

@Article{TagliaviniArich,
author = {G.~Tagliavini and G.~Arich},
title = {The Liquid-Liquid Equilibrium in The Methanol-n-Heptane-Morpholine System},
journal = {Ric.Sci.},
year = {1958},
volume = {28},
pages = {1902}}

@Article{RadiceKnickle,
author = {F.~C.~ Radice and H.~N.~Knickle},
title = {},
journal = {J.Chem.Eng.Data},
year = {1975},
volume = {20},
pages = {371}}

@Article{WeckHunt,
author = {H.~I.~Weck and H.~Hunt},
title = {Vapor-Liquid Equilibria - In the Ternary System Benzene-Cyclohexane-Nitromethane and the Three Binaries},
journal = {Ind.Eng.Chem.},
year = {1954},
volume = {46},
number = {12},
pages = {2521}}

@PhdThesis{Wittrig,
author = {T.~S.~Wittrig},
title = {PhD Thesis },
school = {Uniersity of Illinois},
year = {1977}}

@Article{FoucaultDurandCamachoGoffic,
author = {A.~P.~Foucault and P.~Durand and E.~Camacho Frias and F.~Le Goffic},
title = {Biphasic Mixture of Water, Dimethyl Sulfoxide, and Tetrahydrofuran for Use in Centrifugal Partition Chromatography},
journal = {Anal.Chem.},
year = {1993},
volume = {65},
pages = {2150}}

@Article{SazonovMarkuzinFilippov,
author = {V.~P.~Sazonov and N.~P.~Markuzin and V.~V.~Filippov },
title = {Equilibrium of vapor with two and three liquid phases in the hexyl alcohol-water-nitromethane system},
journal = {Zh.Prikl.Khim.},
year = {1977},
volume = {50},
pages = {1524}}

@Article{SazonovChernysheva,
author = {V.~P.~Sazonov and M.~F.~Chernysheva },
title = {See Onken et.al.},
journal = {Zh.Prikl.Khim.},
year = {1978},
volume = {51},
pages = {1764}}











